@misc{book:javase15-std,
  publisher = {Oracle},
  title     = {The Java\textregistered\ Virtual Machine Specification [Heap \& Stack]},
  year      = {2020},
  author    = {Lindholm, Tim and Yellin, Frank and Bracha, Gilad and Buckley, Alex and Smith, Daniel},
  url       = {https://docs.oracle.com/javase/specs/jvms/se15/html/jvms-2.html#jvms-2.5.2}
}

@misc{book:javadoc-stack-frame,
  publisher = {Oracle},
  title     = {Java Debug Interface -- StackFrame (JDK 11)},
  year      = {2021},
  url       = {https://docs.oracle.com/en/java/javase/11/docs/api/jdk.jdi/com/sun/jdi/StackFrame.html}
}

@misc{gh:tikzpingus,
  author    = {Florian Sihler},
  title     = {\LaTeX-Package, tikzpingus},
  year      = {2021},
  url       = {https://github.com/EagleoutIce/tikzpingus}
}

@article{dive:recursion,
  title={About primitive recursive algorithms},
  author={Colson, Lo{\"i}c},
  journal={Theoretical Computer Science},
  volume={83},
  number={1},
  pages={57--69},
  year={1991},
  publisher={Elsevier},
  url={https://www.sciencedirect.com/science/article/pii/0304397591900395}
}

@article{dive:ackermann,
  title={The Ackermann function. a theoretical, computational, and formula manipulative study},
  author={Sundblad, Yngve},
  journal={BIT Numerical Mathematics},
  volume={11},
  number={1},
  pages={107--119},
  year={1971},
  publisher={Springer},
  url={https://link.springer.com/content/pdf/10.1007/BF01935330.pdf}
}
